
@article{campeau2019,
	title = {Current forest carbon fixation fuels stream CO2 emissions},
	author = {Campeau, A. and Bishop, K. and Amvrosiadi, N. and Billett, M. F. and Garnett, M. H. and Laudon, H. and {Öquist}, M. G. and Wallin, M. B.},
	year = {2019},
	month = {04},
	date = {2019-04-23},
	journal = {Nature Communications},
	volume = {10},
	number = {1},
	doi = {10.1038/s41467-019-09922-3},
	url = {http://dx.doi.org/10.1038/s41467-019-09922-3},
	langid = {en}
}

@article{campeau2017,
	title = {Aquatic export of young dissolved and gaseous carbon from a pristine boreal fen: Implications for peat carbon stock stability},
	author = {Campeau, Audrey and Bishop, Kevin H. and Billett, Michael F. and Garnett, Mark H. and Laudon, Hjalmar and Leach, Jason A. and Nilsson, Mats B. and {Öquist}, Mats G. and Wallin, Marcus B.},
	year = {2017},
	month = {09},
	date = {2017-09},
	journal = {Global Change Biology},
	pages = {5523--5536},
	volume = {23},
	number = {12},
	doi = {10.1111/gcb.13815},
	url = {http://dx.doi.org/10.1111/gcb.13815},
	langid = {en}
}

@article{öquist2014,
	title = {The Full Annual Carbon Balance of Boreal Forests Is Highly Sensitive to Precipitation},
	author = {{Öquist}, M. G. and Bishop, K. and Grelle, A. and Klemedtsson, L. and {Köhler}, S. J. and Laudon, H. and Lindroth, A. and {Ottosson Löfvenius}, M. and Wallin, M. B. and Nilsson, M. B.},
	year = {2014},
	month = {06},
	date = {2014-06-23},
	journal = {Environmental Science & Technology Letters},
	pages = {315--319},
	volume = {1},
	number = {7},
	doi = {10.1021/ez500169j},
	url = {http://dx.doi.org/10.1021/ez500169j},
	langid = {en}
}

@article{ledesma2013,
	title = {Riparian zone control on base cation concentration in boreal streams},
	author = {Ledesma, J. L. J. and Grabs, T. and Futter, M. N. and Bishop, K. H. and Laudon, H. and {Köhler}, S. J.},
	year = {2013},
	month = {06},
	date = {2013-06-14},
	journal = {Biogeosciences},
	pages = {3849--3868},
	volume = {10},
	number = {6},
	doi = {10.5194/bg-10-3849-2013},
	url = {http://dx.doi.org/10.5194/bg-10-3849-2013},
	langid = {en}
}
